<?xml version="1.0" encoding="UTF-8"?><record xmlns="http://www.loc.gov/MARC21/slim" xmlns:cinclude="http://apache.org/cocoon/include/1.0" xmlns:zs="http://www.loc.gov/zing/srw/">
  <leader>00359cz  a2200121n  4500</leader>
  <controlfield tag="001">n  92017770 </controlfield>
  <controlfield tag="003">DLC</controlfield>
  <controlfield tag="005">19920420165902.5</controlfield>
  <controlfield tag="008">920219n| acannaab|          |n aaa |||  </controlfield>
  <datafield tag="010" ind1=" " ind2=" ">
    <subfield code="a">n  92017770 </subfield>
  </datafield>
  <datafield tag="040" ind1=" " ind2=" ">
    <subfield code="a">DLC</subfield>
    <subfield code="c">DLC</subfield>
    <subfield code="d">DLC</subfield>
  </datafield>
  <datafield tag="100" ind1="1" ind2="0">
    <subfield code="a">Eisenschmidt, R.</subfield>
  </datafield>
  <datafield tag="670" ind1=" " ind2=" ">
    <subfield code="a">Hopffgarten-Heidler, H. Schlacht bei Beaumont, 1897:</subfield>
    <subfield code="b">maps recto (Verlag von R. Eisenschmidt, Berlin)</subfield>
  </datafield>
</record>